@misc{marope_rankings_2013,
    title = {Rankings and Accountability in Higher Education: Uses and Misuses},
    author = {Marope, P.T.M and Wells, P.J and Hazelkorn, E.},
    year = {2013},
    howpublished = {UNESCO Publishing},
    note = {\url{https://unesdoc.unesco.org/ark:/48223/pf0000220789}}
}

@misc{hedberg_ayers_2015,
    title = {The Power of a Paired t-test with a Covariate},
    author = {Hedberg, E.C. and Ayers, S.},
    year = {2015},
    howpublished = {Social Science Research},
    volume = {50},
    pages = {277--291},
    note = {\url{https://doi.org/10.1016/j.ssresearch.2014.12.004}}
}

@misc{sanoff_ussher_massimo_clarke_2007,
    title = {College and University Ranking Systems: Global Perspectives and American Challenges},
    author = {Sanoff, A. P. and Usher, A. and Massimo, S. and Clarke, M.},
    year = {2007},
    howpublished = {Institute for Higher Education Policy},
    note = {\url{https://files.eric.ed.gov/fulltext/ED497028.pdf}}
}

@misc{hazelkorn_2013,
    title = {World-Class Universities or World Class Systems?: Rankings and Higher Education Policy Choices},
    author = {Hazelkorn, E.},
    year = {2013},
    howpublished = {Centre for Social and Educational Research},
    note = {\url{https://arrow.tudublin.ie/cgi/viewcontent.cgi?article=1022&context=cserbk}}
}
@misc{davis_2016,
    title = {Can college rankings be believed?},
    author = {Davis, M.},
    year = {2016},
    howpublished = {She Ji: The Journal of Design, Economics, and Innovation},
    note = {\url{https://doi.org/10.1016/j.sheji.2016.11.002}}
}

@misc{education_2016,
    title = {World University Ranking, data.World},
    author = {Education},
    year = {2016},
}
    note = {\url{https://data.world/education/world-university-rankings/workspace/file?filename=world-university-rankings%2FtimesData.csv}}